<collection xmlns="http://www.loc.gov/MARC21/slim">
<record>
  <leader>02471nam0a2200409 i 450 </leader>
  <controlfield tag="001">IT\ICCU\CNCE\018150</controlfield>
  <controlfield tag="005">20071015000000.0</controlfield>
  <datafield tag="012" ind1=" " ind2=" ">
    <subfield code="a">tao. toia dee. EtTu (C) 1533 (R)</subfield>
    <subfield code="2">fei</subfield>
  </datafield>
  <datafield tag="100" ind1=" " ind2=" ">
    <subfield code="a">19970101d1533        0itac0103    ba</subfield>
  </datafield>
  <datafield tag="101" ind1=" " ind2=" ">
    <subfield code="a">ITA</subfield>
  </datafield>
  <datafield tag="102" ind1=" " ind2=" ">
    <subfield code="a">IT</subfield>
  </datafield>
  <datafield tag="200" ind1="1" ind2=" ">
    <subfield code="a">Cecaria. Tragicomedia del Epicuro Napolitano intitulata la Cecaria, nuouamente aggiuntoui un bellissimo lamento del Geloso con la Luminaria, non pi ̮posta in luce, con ogni diligentia reuista, corretta &amp; ristampata</subfield>
  </datafield>
  <datafield tag="210" ind1=" " ind2=" ">
    <subfield code="a">\Venezia</subfield>
    <subfield code="c">Vittore Ravani &amp; C.!</subfield>
    <subfield code="e">In Venetia</subfield>
    <subfield code="g">per Vittor de Rauanni &amp; compagni</subfield>
    <subfield code="h">1533</subfield>
  </datafield>
  <datafield tag="215" ind1=" " ind2=" ">
    <subfield code="a">\32! c.</subfield>
    <subfield code="d">8ʻ</subfield>
  </datafield>
  <datafield tag="620" ind1=" " ind2=" ">
    <subfield code="a">IT</subfield>
    <subfield code="d">Venezia</subfield>
  </datafield>
  <datafield tag="700" ind1=" " ind2="1">
    <subfield code="a">Epicuro,</subfield>
    <subfield code="b">Marcantonio</subfield>
    <subfield code="3">IT\ICCU\CNCA\008607</subfield>
  </datafield>
  <datafield tag="712" ind1="0" ind2="0">
    <subfield code="a">Ravani, Vittore &amp; C.</subfield>
    <subfield code="3">IT\ICCU\CNCT\002928</subfield>
    <subfield code="4">650</subfield>
  </datafield>
  <datafield tag="790" ind1=" " ind2="1">
    <subfield code="a">Caracciolo,</subfield>
    <subfield code="b">Epicuro</subfield>
    <subfield code="3">IT\ICCU\CNCA\008608</subfield>
    <subfield code="z">Epicuro, Marcantonio</subfield>
  </datafield>
  <datafield tag="790" ind1=" " ind2="0">
    <subfield code="a">Epicuro</subfield>
    <subfield code="c"> : Napolitano</subfield>
    <subfield code="3">IT\ICCU\CNCA\014173</subfield>
    <subfield code="z">Epicuro, Marcantonio</subfield>
  </datafield>
  <datafield tag="790" ind1=" " ind2="1">
    <subfield code="a">Epicuro,</subfield>
    <subfield code="b">Antonio</subfield>
    <subfield code="3">IT\ICCU\CNCA\014174</subfield>
    <subfield code="z">Epicuro, Marcantonio</subfield>
  </datafield>
  <datafield tag="790" ind1=" " ind2="1">
    <subfield code="a">Marsi,</subfield>
    <subfield code="b">Antonio</subfield>
    <subfield code="3">IT\ICCU\CNCA\014591</subfield>
    <subfield code="z">Epicuro, Marcantonio</subfield>
  </datafield>
  <datafield tag="791" ind1="0" ind2="0">
    <subfield code="a">Rabanis, Victor a &amp; C.</subfield>
    <subfield code="3">IT\ICCU\CNCT\005313</subfield>
    <subfield code="z">Ravani, Vittore &amp; C.</subfield>
  </datafield>
  <datafield tag="791" ind1="0" ind2="0">
    <subfield code="a">Ravano della Serena, Vettor &amp; C.</subfield>
    <subfield code="3">IT\ICCU\CNCT\005314</subfield>
    <subfield code="z">Ravani, Vittore &amp; C.</subfield>
  </datafield>
  <datafield tag="791" ind1="0" ind2="0">
    <subfield code="a">Serena, Vittore della &amp; C.</subfield>
    <subfield code="3">IT\ICCU\CNCT\005315</subfield>
    <subfield code="z">Ravani, Vittore &amp; C.</subfield>
  </datafield>
  <datafield tag="791" ind1="0" ind2="0">
    <subfield code="a">Ravanis, Victor de &amp; C.</subfield>
    <subfield code="3">IT\ICCU\CNCT\005316</subfield>
    <subfield code="z">Ravani, Vittore &amp; C.</subfield>
  </datafield>
  <datafield tag="791" ind1="0" ind2="0">
    <subfield code="a">Ravaniani, Vettor de &amp; C.</subfield>
    <subfield code="3">IT\ICCU\CNCT\005317</subfield>
    <subfield code="z">Ravani, Vittore &amp; C.</subfield>
  </datafield>
  <datafield tag="791" ind1="0" ind2="0">
    <subfield code="a">Rabani, Vettor de &amp; C.</subfield>
    <subfield code="3">IT\ICCU\CNCT\005318</subfield>
    <subfield code="z">Ravani, Vittore &amp; C.</subfield>
  </datafield>
  <datafield tag="801" ind1=" " ind2="3">
    <subfield code="a">IT</subfield>
    <subfield code="b">ICCU</subfield>
    <subfield code="c">20201114</subfield>
  </datafield>
  <datafield tag="899" ind1=" " ind2=" ">
    <subfield code="a">Biblioteca Apostolica Vaticana. Citt ̉del Vaticano</subfield>
    <subfield code="1">EX0001</subfield>
    <subfield code="2">ZCV 01</subfield>
  </datafield>
  <datafield tag="899" ind1=" " ind2=" ">
    <subfield code="a">Biblioteca Riccardiana. Firenze</subfield>
    <subfield code="1">FI0094</subfield>
    <subfield code="2">CFI RF</subfield>
  </datafield>
  <datafield tag="899" ind1=" " ind2=" ">
    <subfield code="a">Archivio storico civico e Biblioteca Trivulziana. Milano</subfield>
    <subfield code="1">MI0327</subfield>
    <subfield code="2">LO1 13</subfield>
  </datafield>
  <datafield tag="899" ind1=" " ind2=" ">
    <subfield code="a">Biblioteca  Panizzi. Reggio Emilia</subfield>
    <subfield code="1">RE0052</subfield>
    <subfield code="2">RE2 PA</subfield>
  </datafield>
  <datafield tag="899" ind1=" " ind2=" ">
    <subfield code="a">Biblioteca e Museo teatrale del Burcardo. Roma</subfield>
    <subfield code="1">RM0279</subfield>
    <subfield code="2">RMR BU</subfield>
  </datafield>
  <datafield tag="911" ind1=" " ind2=" ">
    <subfield code="a">sul front.</subfield>
    <subfield code="9">IT\ICCU\CNCM\001442</subfield>
  </datafield>
  <datafield tag="911" ind1=" " ind2=" ">
    <subfield code="a">Nel coloph.</subfield>
    <subfield code="9">IT\ICCU\CNCM\002014</subfield>
  </datafield>
  <datafield tag="921" ind1=" " ind2=" ">
    <subfield code="a">IT\ICCU\CNCM\001442</subfield>
    <subfield code="b">Sirena coronata, bicaudata, che tiene le due code alzate con le mani. Nella cornice del frontespizio</subfield>
    <subfield code="c">U382</subfield>
    <subfield code="d">Dimensioni: 5 x 3</subfield>
    <subfield code="f">SIRENA</subfield>
    <subfield code="g">1531-1558</subfield>
  </datafield>
  <datafield tag="921" ind1=" " ind2=" ">
    <subfield code="a">IT\ICCU\CNCM\002014</subfield>
    <subfield code="b">Sirena  bicaudata tiene le due code alzate con le mani (la sinistra in alto, la destra in basso) sopra la superficie del mare.</subfield>
    <subfield code="c">U584</subfield>
    <subfield code="d">Dimensioni: 6 x 6,5</subfield>
    <subfield code="f">SIRENA</subfield>
    <subfield code="g">1533-1535</subfield>
  </datafield>
</record>
</collection>
